3300 4767
1273 507 1327 588 45

309 603 479 719 templi,
503 601 555 685 ad
579 601 743 687 eandem
769 603 1023 688 altitudinem
1059 629 1151 686 cum
1177 600 1329 686 duabus

306 721 478 806 dexteris
488 716 783 832 pontepunem
796 722 1033 806 intermedio
1041 717 1330 830 disjunguntur.

305 865 383 950 qua
391 833 552 950 quidem
564 834 766 920 literarum
778 829 1351 949 corruptionenutetpuneiio·⁴

303 980 435 1066 neque
469 949 596 1036 sensus
619 957 789 1036 maxime
811 955 980 1042 obvius,
1006 955 1078 1066 qui
1097 948 1330 1064 exlyllabu-

305 1097 408 1161 rum,
421 1097 519 1183 quas
531 1067 695 1153 exhibet
708 1067 1174 1183 Nummumcopulatione
1187 1066 1330 1155 oritur»

305 1183 346 1266 h.
363 1213 397 1268 e.
414 1190 681 1276 Nrnruunus,
706 1185 770 1268 vel
786 1189 991 1279 Neptuno,
1014 1189 1071 1268 ita
1085 1180 1329 1274 obvolvitur,

303 1302 628 1417 destruiturque‚
654 1324 699 1385 ut
725 1301 1011 1415 desperandum
1035 1299 1083 1384 stt
1111 1297 1175 1382 uel
1191 1296 1330 1380 obex-

305 1413 672 1530 pertiffimoharum
686 1447 818 1504 rerum
832 1417 1022 1536 Oedippo
1041 1415 1212 1502 divinari
1224 1463 1242 1506 ‚s
1264 1439 1331 1496 re-

305 1537 548 1647 staurarique
562 1533 669 1646 posse
685 1598 695 1619 .

363 1645 1333 1764 Nonliicfabricaeejusdemelegtntiumpraedica·

302 1764 379 1848 bo:
393 1785 548 1851 tantum
560 1769 794 1858 monebo‚ex
805 1769 911 1855 illius
922 1767 1154 1884 inspectione
1170 1791 1248 1846 non
1261 1762 1334 1845 ob-

304 1877 415 1965 scure
429 1911 647 1995 apparere,
677 1882 882 1970 Artificem
894 1890 1001 1971 omni
1019 1885 1145 1970 fludio
1160 1876 1332 1971 curtile,

304 1973 1330 2088 utcumoris'linetumntuadnaturaefimilitudinern

305 2108 534 2226 effingeret,
561 2140 647 2203 tum
674 2119 827 2232 templi*
840 2123 879 2204 in
900 2117 1029 2205 aversa
1051 2139 1167 2233 parte
1189 2107 1334 2224 fignati

303 2233 542 2316 exteriorem
556 2233 696 2318 faciem
709 2263 877 2326 omnem,
893 2237 1211 2320 uestrutlurnm.
1238 2223 1335 2312 dili-

308 2345 526 2454 gentissime
551 2349 873 2461 repraesentaret.
900 2352 1009 2439 Mole
1039 2354 1160 2434 etiam
1190 2343 1256 2429 sun
1283 2369 1332 2426 ac

304 2462 480 2570 pondere
490 2462 581 2548 satis
596 2464 634 2549 se
657 2467 934 2578 commendat:
965 2459 1334 2578 nemquecumtli·

305 2602 406 2701 quot
419 2575 510 2662 'aliis
523 2585 652 2664 aureis
669 2589 851 2670 Nummis
870 2643 881 2678 ,
906 2583 983 2670 five
998 2581 1082 2695 ipso
1098 2575 1335 2690 antiquiori·

307 2690 451 2785 bunut
465 2723 543 2780 uno
556 2699 731 2791 Caesaris,
744 2729 871 2815 eoque
884 2703 1018 2812 potius
1033 2699 1143 2783 rudis
1156 2693 1334 2782 fabrice,

308 2805 387 2891 fite
418 2815 704 2900 recentioribus
744 2818 952 2908 conlatus,
979 2817 1156 2901 omnium
1182 2806 1336 2927 ponde·

307 2921 428 3010 rufior
441 2929 625 3012 inventus
639 2933 716 3018 est.
844 2936 845 2939 ‘

393 3043 574 3128 Pertinet
598 3070 734 3131 tutem
765 3047 832 3134 hic
861 3057 1054 3139 Nummus
1083 3043 1337 3133 ed·Cn·D0-

307 3157 462 3241 mitium
489 3163 798 3250 Ahenobarbum
821 3229 833 3262 .
859 3167 1027 3253 Neronis
1053 3164 1213 3250 Claudii
1242 3187 1337 3271 pro-

309 3297 455 3358 avum:
494 3282 605 3386 cujus
630 3288 750 3368 Pater
784 3282 930 3367 Lucius
956 3285 1153 3365 Domitius
1193 3273 1348 3378 Caeseri'

308 3399 507 3498 perpetuo
518 3393 689 3482 infensus
704 3454 717 3490 ‚
733 3401 893 3482 tandem
909 3401 950 3480 in
965 3425 1100 3510 pugna
1113 3389 1339 3480 Pharsalica

310 3502 497 3611 interiit.
527 3510 619 3616 Ejus
656 3543 719 3598 res
747 3515 869 3626 gestat
893 3515 1032 3627 paucis
1060 3511 1339 3626 complectitur

308 3619 524 3706 Suetonius
549 3627 592 3708 in
618 3629 778 3714 Nerone
805 3630 978 3714 Claudio
1003 3658 1092 3746 cap.
1107 3659 1145 3740 3.
1166 3625 1218 3714 fic
1245 3623 1341 3710 scri·

307 3730 425 3819 bens:
444 3739 640 3863 Reliquit(
647 3749 792 3834 Lucius
803 3749 1025 3854 Domitius)
1041 3748 1168 3862 filium
1182 3739 1340 3834 omnibus

1221 3863 1339 3978 gentis
1391 3884 1393 3888 ·
